@article{bogdanov2010investigation,
  title={Investigation of the properties of the flux and interaction of ultrahigh-energy cosmic rays by the method of local-muon-density spectra},
  author={Bogdanov, AG and Gromushkin, DM and Kokoulin, RP and Mannocchi, G and Petrukhin, AA and Saavedra, O and Trinchero, G and Chernov, DV and Shutenko, VV and Yashin, II},
  journal={Physics of Atomic Nuclei},
  volume={73},
  pages={1852--1869},
  year={2010},
  publisher={Springer}
}

@inproceedings{kokoulin2021muon,
  title={Muon excess in ultra-high energy inclined EAS according to the NEVOD-DECOR data},
  author={Kokoulin, R and Barbashina, NS and Bogdanov, AG and Khokhlov, SS and Kindin, VV and Kompaniets, KG and Mannocchi, G and Petrukhin, AA and Shutenko, VV and Trinchero, G and others},
  booktitle={Proceedings of 37th International Cosmic Ray Conferenceâ€”PoS (ICRC2021)},
  volume={395},
  pages={381},
  year={2021}
}

@article{yurina2021measurements,
  title={Measurements of the average muon energy in inclined muon bundles in the NEVOD-DECOR experiment},
  author={Yurina, EA and Barbashina, NS and Bogdanov, AG and Khokhlov, SS and Kindin, VV and Kokoulin, RP and Kompaniets, KG and Mannocchi, G and Petrukhin, AA and Shutenko, VV and others},
  journal={PoS (ICRC2021)},
  volume={383},
  year={2021}
}

@article{barbashina2000coordinate,
  title={A coordinate detector for studying horizontal fluxes of cosmic rays},
  author={Barbashina, NS and Ezubchenko, AA and Kokoulin, RP and Kompaniets, KG and Konovalov, AA and Petrukhin, AA and Chernov, DV and Shutenko, VV and Yanson, EE},
  journal={Instruments and Experimental Techniques},
  volume={43},
  pages={743--746},
  year={2000},
  publisher={Springer}
}

@article{petrukhin2015cherenkov,
  title={Cherenkov water detector NEVOD},
  author={Petrukhin, Anatolii Afanas' evich},
  journal={Physics-Uspekhi},
  volume={58},
  number={5},
  pages={486},
  year={2015},
  publisher={IOP Publishing}
}

@article{amelchakov2022nevod,
  title={The NEVOD-EAS air-shower array},
  author={Amelchakov, MB and Barbashina, NS and Bogdanov, AG and Chiavassa, A and Gromushkin, DM and Khokhlov, SS and Kindin, VV and Kokoulin, RP and Kompaniets, KG and Konovalova, A Yu and others},
  journal={Nuclear Instruments and Methods in Physics Research Section A: Accelerators, Spectrometers, Detectors and Associated Equipment},
  volume={1026},
  pages={166184},
  year={2022},
  publisher={Elsevier}
}

@article{likiy2019reconstruction,
  title={Reconstruction of Characteristics of Extensive Air Showers Detected with the NEVOD-EAS Array},
  author={Likiy, OI and Amelchakov, MB and Bogdanov, AG and Chiavassa, A and Khokhlov, SS and Kokoulin, RP and Shulzhenko, IA},
  journal={Physics of Atomic Nuclei},
  volume={82},
  pages={760--765},
  year={2019},
  publisher={Springer}
}

@phdthesis{shulzhenko2019,
  author       = {Shulzhenko, Ivan},
  title        = {The NEVOD-EAS Installation for Investigation of Extensive Air Showers},
  school       = {National Research Nuclear University MEPhI},
  year         = {2019},
}

@inproceedings{lecun1988theoretical,
  title={A theoretical framework for back-propagation},
  author={LeCun, Yann and Touresky, D and Hinton, G and Sejnowski, T},
  booktitle={Proceedings of the 1988 connectionist models summer school},
  volume={1},
  pages={21--28},
  year={1988}
}